<record><leader>00000cas a22000007a 4500</leader><controlfield tag="001">34695419</controlfield><controlfield tag="008">960508d18911891cauwr ne      0    0eng d</controlfield><datafield ind1=" " ind2=" " tag="010"><subfield code="a">sn 96064297 </subfield></datafield><datafield ind1=" " ind2=" " tag="040"><subfield code="a">CNK</subfield><subfield code="b">eng</subfield><subfield code="c">CNK</subfield><subfield code="d">OCLCQ</subfield></datafield><datafield ind1=" " ind2=" " tag="042"><subfield code="a">msc</subfield></datafield><datafield ind1="0" ind2=" " tag="130"><subfield code="a">California (Los Angeles, Calif.)</subfield></datafield><datafield ind1="1" ind2="0" tag="245"><subfield code="a">California.</subfield></datafield><datafield ind1="1" ind2="3" tag="246"><subfield code="a">California and Los Angeles life</subfield></datafield><datafield ind1=" " ind2=" " tag="260"><subfield code="a">Los Angeles [Calif.] :</subfield><subfield code="b">Burton &amp; Eisfeller</subfield></datafield><datafield ind1=" " ind2=" " tag="300"><subfield code="a">v.</subfield></datafield><datafield ind1=" " ind2=" " tag="310"><subfield code="a">Weekly</subfield></datafield><datafield ind1="1" ind2=" " tag="362"><subfield code="a">Began in 1891.</subfield></datafield><datafield ind1="0" ind2=" " tag="362"><subfield code="a">-v. 2, no. 11 (Dec. 26, 1891).</subfield></datafield><datafield ind1=" " ind2=" " tag="580"><subfield code="a">Merged with: Alliance farmer, to become: California farmer.</subfield></datafield><datafield ind1=" " ind2=" " tag="588"><subfield code="a">Description based on: Vol. 1, no. 12 (July 4, 1891).</subfield></datafield><datafield ind1=" " ind2=" " tag="752"><subfield code="a">United States</subfield><subfield code="b">California</subfield><subfield code="c">Los Angeles</subfield><subfield code="d">Los Angeles.</subfield></datafield><datafield ind1="1" ind2="7" tag="785"><subfield code="t">Alliance farmer</subfield><subfield code="w">(DLC)sn 85040335</subfield></datafield><datafield ind1="1" ind2="7" tag="785"><subfield code="t">California farmer (Los Angeles, Calif.)</subfield><subfield code="w">(DLC)sn 85040456</subfield></datafield></record>